<?xml version="1.0" encoding="UTF-8"?><record xmlns="http://www.loc.gov/MARC21/slim" xmlns:cinclude="http://apache.org/cocoon/include/1.0" xmlns:zs="http://www.loc.gov/zing/srw/">
  <leader>00909nz  a2200181n  4500</leader>
  <controlfield tag="001">nb2012009544</controlfield>
  <controlfield tag="003">DLC</controlfield>
  <controlfield tag="005">20120415074827.0</controlfield>
  <controlfield tag="008">120412n| acannaabn          |a ana      </controlfield>
  <datafield tag="010" ind1=" " ind2=" ">
    <subfield code="a">nb2012009544</subfield>
  </datafield>
  <datafield tag="035" ind1=" " ind2=" ">
    <subfield code="a">(Uk)008448421</subfield>
  </datafield>
  <datafield tag="040" ind1=" " ind2=" ">
    <subfield code="a">Uk</subfield>
    <subfield code="b">eng</subfield>
    <subfield code="c">Uk</subfield>
  </datafield>
  <datafield tag="110" ind1="2" ind2=" ">
    <subfield code="a">Societatea de Protecţia Plantelor Transilvania</subfield>
  </datafield>
  <datafield tag="410" ind1="2" ind2=" ">
    <subfield code="a">SPPT</subfield>
  </datafield>
  <datafield tag="410" ind1="2" ind2=" ">
    <subfield code="a">Transylvania Society for Plant Protection</subfield>
  </datafield>
  <datafield tag="670" ind1=" " ind2=" ">
    <subfield code="a">Romania Development Gateway website, 13 Apr. 2012</subfield>
    <subfield code="b">(Societatea de Protecţia Plantelor Transilvania; SPPT; registered 4 Jan. 1991; Cluj-Napoca)</subfield>
  </datafield>
  <datafield tag="670" ind1=" " ind2=" ">
    <subfield code="a">Universitatea de Ştiinte Agricole şi Medicină Veterinară Cluj-Napoca website, 13 Apr. 2012:</subfield>
    <subfield code="b">staff profiles, Florian Viorel (president: Societatea de Protecţia Plantelor Transilvania; Plant Protection Society Transilvania)</subfield>
  </datafield>
  <datafield tag="670" ind1=" " ind2=" ">
    <subfield code="a">Notulae scientia biologicae, vol. 2, issue 1 (2010):</subfield>
    <subfield code="b">t.p. (Transylvania Society for Plant Protection)</subfield>
  </datafield>
</record>